<record><leader>00000cas a2200000 a 4500</leader><controlfield tag="001">10693845</controlfield><controlfield tag="008">840505d19721989mauwr ne      0   a0eng c</controlfield><datafield ind1=" " ind2=" " tag="010"><subfield code="a">sc 84005999 </subfield></datafield><datafield ind1=" " ind2=" " tag="040"><subfield code="a">HUL</subfield><subfield code="b">eng</subfield><subfield code="c">HUL</subfield><subfield code="d">DLC</subfield><subfield code="d">NSD</subfield><subfield code="d">HUL</subfield><subfield code="d">DLC</subfield><subfield code="d">MGN</subfield><subfield code="d">DLC</subfield><subfield code="d">OCLCQ</subfield></datafield><datafield ind1=" " ind2=" " tag="012"><subfield code="a">2</subfield><subfield code="i">8410</subfield></datafield><datafield ind1="0" ind2=" " tag="022"><subfield code="a">0749-8454</subfield><subfield code="l">0749-8454</subfield><subfield code="2">1</subfield></datafield><datafield ind1=" " ind2=" " tag="037"><subfield code="b">Citizen Group Publications, P.O. Box 481, Brookline, MA 02146</subfield></datafield><datafield ind1=" " ind2=" " tag="042"><subfield code="a">pcc</subfield><subfield code="a">nsdp</subfield></datafield><datafield ind1="1" ind2=" " tag="082"><subfield code="a">974</subfield><subfield code="2">11</subfield></datafield><datafield ind1=" " ind2="0" tag="222"><subfield code="a">Boston ledger</subfield></datafield><datafield ind1="0" ind2="0" tag="245"><subfield code="a">Boston ledger.</subfield></datafield><datafield ind1=" " ind2=" " tag="260"><subfield code="a">Brookline, MA :</subfield><subfield code="b">Citizen Group Newspapers,</subfield></datafield><datafield ind1=" " ind2=" " tag="300"><subfield code="a">v. :</subfield><subfield code="b">ill. ;</subfield><subfield code="c">42 cm.</subfield></datafield><datafield ind1=" " ind2=" " tag="310"><subfield code="a">Weekly</subfield></datafield><datafield ind1="0" ind2=" " tag="362"><subfield code="a">Vol. 35, no. 31 (Aug. 4, 1972)-v. 52, no. 26 (June 30, 1989).</subfield></datafield><datafield ind1=" " ind2=" " tag="752"><subfield code="a">United States</subfield><subfield code="b">Massachusetts</subfield><subfield code="c">Norfolk</subfield><subfield code="d">Brookline.</subfield></datafield><datafield ind1=" " ind2=" " tag="752"><subfield code="a">United States</subfield><subfield code="b">Massachusetts</subfield><subfield code="c">Suffolk</subfield><subfield code="d">Boston.</subfield></datafield><datafield ind1="0" ind2="0" tag="780"><subfield code="t">Ledger (Brookline, Mass.)</subfield><subfield code="w">(DLC)sn 91058044</subfield></datafield></record>